<record><leader>00000cas a22000007a 4500</leader><controlfield tag="001">22425000</controlfield><controlfield tag="008">900924d19851990mnudn ne      0    0eng d</controlfield><datafield ind1=" " ind2=" " tag="010"><subfield code="a">sn 90059536 </subfield></datafield><datafield ind1=" " ind2=" " tag="040"><subfield code="a">MN#</subfield><subfield code="b">eng</subfield><subfield code="c">MN#</subfield><subfield code="d">OCLCQ</subfield><subfield code="d">OCLCF</subfield><subfield code="d">OCLCO</subfield></datafield><datafield ind1="1" ind2=" " tag="029"><subfield code="a">AU@</subfield><subfield code="b">000025886051</subfield></datafield><datafield ind1=" " ind2=" " tag="042"><subfield code="a">msc</subfield></datafield><datafield ind1=" " ind2=" " tag="043"><subfield code="a">n-us-mn</subfield></datafield><datafield ind1=" " ind2=" " tag="052"><subfield code="a">4144</subfield><subfield code="b">S4</subfield></datafield><datafield ind1="0" ind2=" " tag="130"><subfield code="a">St. Paul pioneer press dispatch (Saint Paul, Minn. : P.M. ed.)</subfield></datafield><datafield ind1="1" ind2="0" tag="245"><subfield code="a">St. Paul pioneer press dispatch.</subfield></datafield><datafield ind1="3" ind2="0" tag="246"><subfield code="a">Saint Paul pioneer press dispatch</subfield></datafield><datafield ind1="1" ind2="7" tag="246"><subfield code="a">St. Paul pioneer press and dispatch</subfield></datafield><datafield ind1="3" ind2="0" tag="246"><subfield code="a">Saint Paul pioneer press and dispatch</subfield></datafield><datafield ind1=" " ind2=" " tag="250"><subfield code="a">P.M. [ed.].</subfield></datafield><datafield ind1=" " ind2=" " tag="260"><subfield code="a">St. Paul, Minn. :</subfield><subfield code="b">Northwest Publications,</subfield><subfield code="c">1985-1990.</subfield></datafield><datafield ind1=" " ind2=" " tag="300"><subfield code="a">6 v.</subfield></datafield><datafield ind1=" " ind2=" " tag="310"><subfield code="a">Daily (except Sat. and Sun.)</subfield></datafield><datafield ind1="0" ind2=" " tag="362"><subfield code="a">136th year, no. 251 (Jan. 2, 1985)-141st year, no. 330 (Mar. 23, 1990).</subfield></datafield><datafield ind1=" " ind2=" " tag="530"><subfield code="a">Available on microfilm from the Minnesota Historical Society.</subfield></datafield><datafield ind1=" " ind2=" " tag="580"><subfield code="a">Continues in part the merger of: St. Paul pioneer press (Saint Paul, Minn. : 1909), and: St. Paul dispatch.</subfield></datafield><datafield ind1=" " ind2="0" tag="651"><subfield code="a">Saint Paul (Minn.)</subfield><subfield code="v">Newspapers.</subfield></datafield><datafield ind1=" " ind2="7" tag="655"><subfield code="a">Newspapers.</subfield><subfield code="2">fast</subfield><subfield code="0">(OCoLC)fst01423814</subfield></datafield><datafield ind1=" " ind2="7" tag="651"><subfield code="a">Minnesota</subfield><subfield code="z">Saint Paul.</subfield><subfield code="2">fast</subfield><subfield code="0">(OCoLC)fst01212130</subfield></datafield><datafield ind1=" " ind2=" " tag="752"><subfield code="a">United States</subfield><subfield code="b">Minnesota</subfield><subfield code="c">Ramsey</subfield><subfield code="d">Saint Paul.</subfield></datafield><datafield ind1="0" ind2=" " tag="775"><subfield code="t">St. Paul pioneer press dispatch (Saint Paul, Minn. : A.M. ed.)</subfield><subfield code="w">(DLC)sn 87000148</subfield></datafield><datafield ind1="1" ind2="4" tag="780"><subfield code="t">St. Paul pioneer press (Saint Paul, Minn. : 1909)</subfield><subfield code="w">(DLC)sn 83016801</subfield></datafield><datafield ind1="1" ind2="4" tag="780"><subfield code="t">St. Paul dispatch</subfield><subfield code="w">(DLC)sn 83016851</subfield></datafield><datafield ind1="0" ind2="0" tag="785"><subfield code="t">Saint Paul pioneer press (Saint Paul, Minn. : 1990 : P.M. ed.)</subfield><subfield code="w">(DLC)sn 90060278</subfield></datafield></record>